@Book{gonzalez92,
     language		= {english},
     author		= {Gonzalez, R. and Woods, R.},
     title		= {Digital image processing},
     publisher		= {Addison - Wesley Publishing Company},
     address		= {Reading, Massachusetts},
     edition		= {},
     year		= {1992},
     note		= {},    
    }

@InProceedings{riedel02,
	author={Riedel, C. H.
	and Golombeck, M. A.
	and D{\"o}ssel, O.},
	title={Simulation of non-contact measurement of the electrical impedance using an anatomical modell},
	booktitle={Biomedizinische Technik},
	year={2002},
	volume={47-1},
	pages={257--260}
}

@Inbook{silbernagl01,
	author={Silbernagl, S.
	and Despopoulos, A.},
	chapter={Grundlagen, Zellphysiologie},
	title={Taschenatlas der Physiologie},
	year={2001},
	publisher={Georg Thieme Verlag},
	address={Stuttgart},
	pages={2--41}
}

% Bitte beachten: Websiten immer mit Link, Download-Datum und Urheber angeben!
% Das Zeichen '_' muss hier als Sonderzeichen markiert werden: '\_'

@misc{internet1, 
    author = "{Karlsruher Institut f"ur Technologie}", 
    publisher = "KIT", 
    title = "KIT Website", 
    month = "Januar", 
    year = "2013", 
    note = "{http://www.kit.edu/Beispiel\_Seite.php}"
} 




